% Base bibliográfica


@ONLINE{gnios,
  title         = {{...}},
  year          = {},
  address       = {},
  urlaccessdate = {},
  author        = {},
  note          = {Disponível em http://... [Acessado em ...]}
}

@BOOK{Lecheta,
  title = {{Google Android: aprenda a criar aplicações para dispositivos
            móveis com o Android SDK}},
  publisher = {Novatec Editora},
  year = {2010},
  edition = 2,
  isbn = {978-85-7522-244-7},
  month = jun,
  address = {São Paulo},
  author = {Ricardo R. Lecheta},
}

